% Generated by Paperpile. Check out https://paperpile.com for more information.
% BibTeX export options can be customized via Settings -> BibTeX.

@ARTICLE{Baker2015-rt,
  title    = "Smart software spots statistical errors in psychology papers",
  author   = "Baker, Monya",
  journal  = "Nature News",
  month    =  oct,
  year     =  2015,
  url      = "http://www.nature.com/news/smart-software-spots-statistical-errors-in-psychology-papers-1.18657",
  doi      = "10.1038/nature.2015.18657"
}

@ARTICLE{Chambers2019-to,
  title    = "What's next for Registered Reports?",
  author   = "Chambers, Chris",
  journal  = "Nature",
  volume   =  573,
  number   =  7773,
  pages    = "187--189",
  month    =  sep,
  year     =  2019,
  url      = "http://dx.doi.org/10.1038/d41586-019-02674-6",
  language = "en",
  issn     = "0028-0836, 1476-4687",
  pmid     = "31506624",
  doi      = "10.1038/d41586-019-02674-6"
}

@MISC{Selden2016-id,
  title        = "Ceramic Asymmetry at the Washington Square Mound Site",
  booktitle    = "Open Science Framework",
  author       = "Selden, Robert",
  publisher    = "Open Science Framework",
  year         =  2016,
  url          = "http://dx.doi.org/10.17605/OSF.IO/M7ZGB",
  howpublished = "\url{http://dx.doi.org/10.17605/OSF.IO/M7ZGB}",
  doi          = "10.17605/OSF.IO/M7ZGB"
}

@ARTICLE{Kaplan2015-hb,
  title    = "Likelihood of Null Effects of Large {NHLBI} Clinical Trials Has
              Increased over Time",
  author   = "Kaplan, Robert M and Irvin, Veronica L",
  journal  = "PloS one",
  volume   =  10,
  number   =  8,
  pages    = "e0132382",
  month    =  aug,
  year     =  2015,
  url      = "http://dx.doi.org/10.1371/journal.pone.0132382",
  language = "en",
  issn     = "1932-6203",
  pmid     = "26244868",
  doi      = "10.1371/journal.pone.0132382",
  pmc      = "PMC4526697"
}

@ARTICLE{Holub2018-ed,
  title     = "Enhancing Reuse of Data and Biological Material in Medical
               Research: From {FAIR} to {FAIR-Health}",
  author    = "Holub, Petr and Kohlmayer, Florian and Prasser, Fabian and
               Mayrhofer, Michaela Th and Schl{\"u}nder, Irene and Martin,
               Gillian M and Casati, Sara and Koumakis, Lefteris and Wutte,
               Andrea and Kozera, {\L}ukasz and Strapagiel, Dominik and Anton,
               Gabriele and Zanetti, Gianluigi and Sezerman, Osman Ugur and
               Mendy, Maimuna and Val{\'\i}k, Dalibor and Lavitrano, Marialuisa
               and Dagher, Georges and Zatloukal, Kurt and van Ommen, Gertjan B
               and Litton, Jan-Eric",
  journal   = "Biopreservation and biobanking",
  publisher = "liebertpub.com",
  volume    =  16,
  number    =  2,
  pages     = "97--105",
  month     =  apr,
  year      =  2018,
  url       = "http://dx.doi.org/10.1089/bio.2017.0110",
  language  = "en",
  issn      = "1947-5535, 1947-5543",
  pmid      = "29359962",
  doi       = "10.1089/bio.2017.0110",
  pmc       = "PMC5906729"
}

@ARTICLE{Kintigh2006-dy,
  title     = "The Promise and Challenge of Archaeological Data Integration",
  author    = "Kintigh, Keith",
  journal   = "American antiquity",
  publisher = "Cambridge University Press",
  volume    =  71,
  number    =  3,
  pages     = "567--578",
  month     =  jul,
  year      =  2006,
  issn      = "0002-7316"
}

@ARTICLE{Wilkinson2016-fk,
  title     = "The {FAIR} Guiding Principles for scientific data management and
               stewardship",
  author    = "Wilkinson, Mark D and Dumontier, Michel and Aalbersberg,
               Ijsbrand Jan and Appleton, Gabrielle and Axton, Myles and Baak,
               Arie and Blomberg, Niklas and Boiten, Jan-Willem and da Silva
               Santos, Luiz Bonino and Bourne, Philip E and Bouwman, Jildau and
               Brookes, Anthony J and Clark, Tim and Crosas, Merc{\`e} and
               Dillo, Ingrid and Dumon, Olivier and Edmunds, Scott and Evelo,
               Chris T and Finkers, Richard and Gonzalez-Beltran, Alejandra and
               Gray, Alasdair J G and Groth, Paul and Goble, Carole and Grethe,
               Jeffrey S and Heringa, Jaap and Hoen, Peter A C 't and Hooft,
               Rob and Kuhn, Tobias and Kok, Ruben and Kok, Joost and Lusher,
               Scott J and Martone, Maryann E and Mons, Albert and Packer, Abel
               L and Persson, Bengt and Rocca-Serra, Philippe and Roos, Marco
               and van Schaik, Rene and Sansone, Susanna-Assunta and Schultes,
               Erik and Sengstag, Thierry and Slater, Ted and Strawn, George
               and Swertz, Morris A and Thompson, Mark and van der Lei, Johan
               and van Mulligen, Erik and Velterop, Jan and Waagmeester, Andra
               and Wittenburg, Peter and Wolstencroft, Katherine and Zhao, Jun
               and Mons, Barend",
  journal   = "Scientific Data",
  publisher = "Nature Publishing Group",
  volume    =  3,
  pages     = "160018",
  month     =  mar,
  year      =  2016,
  language  = "en"
}

@ARTICLE{Nosek2015-bt,
  title    = "Promoting an open research culture",
  author   = "Nosek, B A and Alter, G and Banks, G C and Borsboom, D and
              Bowman, S D and Breckler, S J and Buck, S and Chambers, C D and
              Chin, G and Christensen, G and Contestabile, M and Dafoe, A and
              Eich, E and Freese, J and Glennerster, R and Goroff, D and Green,
              D P and Hesse, B and Humphreys, M and Ishiyama, J and Karlan, D
              and Kraut, A and Lupia, A and Mabry, P and Madon, T A and
              Malhotra, N and Mayo-Wilson, E and McNutt, M and Miguel, E and
              Paluck, E Levy and Simonsohn, U and Soderberg, C and Spellman, B
              A and Turitto, J and VandenBos, G and Vazire, S and Wagenmakers,
              E J and Wilson, R and Yarkoni, T",
  journal  = "Science",
  volume   =  348,
  number   =  6242,
  pages    = "1422--1425",
  month    =  jun,
  year     =  2015,
  url      = "http://dx.doi.org/10.1126/science.aab2374",
  language = "en",
  issn     = "0036-8075, 1095-9203",
  pmid     = "26113702",
  doi      = "10.1126/science.aab2374",
  pmc      = "PMC4550299"
}

@ARTICLE{Caraher2015-dn,
  title     = "Slow archaeology",
  author    = "Caraher, William",
  journal   = "North Dakota Quarterly",
  publisher = "hcommons.org",
  volume    =  80,
  number    =  2,
  pages     = "43--52",
  year      =  2015,
  url       = "https://hcommons.org/deposits/download/hc:11576/CONTENT/slow_archaeology.pdf"
}

@BOOK{Tavory2014-di,
  title     = "Abductive Analysis: Theorizing Qualitative Research",
  author    = "Tavory, Iddo and Timmermans, Stefan",
  publisher = "University of Chicago Press",
  month     =  sep,
  year      =  2014,
  url       = "https://play.google.com/store/books/details?id=5OYvBAAAQBAJ",
  language  = "en",
  isbn      = "9780226180458"
}

@ARTICLE{Chase2013-rb,
  title    = "The shadow of bias",
  author   = "Chase, Jonathan M",
  journal  = "PLoS biology",
  volume   =  11,
  number   =  7,
  pages    = "e1001608",
  month    =  jul,
  year     =  2013,
  url      = "http://dx.doi.org/10.1371/journal.pbio.1001608",
  language = "en",
  issn     = "1544-9173, 1545-7885",
  pmid     = "23874155",
  doi      = "10.1371/journal.pbio.1001608",
  pmc      = "PMC3712908"
}

@ARTICLE{Atici2013-gg,
  title   = "Other People's Data: A Demonstration of the Imperative of
             Publishing Primary Data",
  author  = "Atici, Levent and Kansa, Sarah Whitcher and Lev-Tov, Justin and
             Kansa, Eric C",
  journal = "Journal of Archaeological Method and Theory",
  volume  =  20,
  number  =  4,
  pages   = "663--681",
  month   =  dec,
  year    =  2013,
  url     = "https://doi.org/10.1007/s10816-012-9132-9",
  issn    = "1573-7764",
  doi     = "10.1007/s10816-012-9132-9"
}

@ARTICLE{Lowndes2017-gv,
  title    = "Our path to better science in less time using open data science
              tools",
  author   = "Lowndes, Julia S Stewart and Best, Benjamin D and Scarborough,
              Courtney and Afflerbach, Jamie C and Frazier, Melanie R and
              O'Hara, Casey C and Jiang, Ning and Halpern, Benjamin S",
  journal  = "Nature ecology \& evolution",
  volume   =  1,
  number   =  6,
  pages    = "160",
  month    =  may,
  year     =  2017,
  url      = "http://dx.doi.org/10.1038/s41559-017-0160",
  language = "en",
  issn     = "2397-334X",
  pmid     = "28812630",
  doi      = "10.1038/s41559-017-0160"
}

@ARTICLE{Ross2013-ub,
  title   = "Creating eResearch Tools For Archaeologists: The Federated
             Archaeological Information Management Systems Project",
  author  = "Ross, Shawn and Sobotkova, Adela and Ballsun-Stanton, Brian and
             Crook, Penny",
  journal = "Australian Archaeology",
  volume  =  77,
  number  =  1,
  pages   = "107--119",
  year    =  2013
}

@BOOK{Kuhn1970-fn,
  title     = "The Structure of Scientific Revolutions (International
               Encyclopedia of Unified Science, Vol 1 and 2, Foundations of the
               Unity of Science: Vol. 2, No. 2)",
  author    = "Kuhn, Thomas S",
  publisher = "The University of Chicago Press",
  edition   = "2nd edition, Enlarged",
  year      =  1970,
  language  = "en"
}

@ARTICLE{Kansa2010-zu,
  title     = "Web syndication approaches for sharing primary data in`` small
               science'' domains",
  author    = "Kansa, Eric C and Bissell, Ahrash",
  journal   = "Data Science Journal",
  publisher = "CODATA",
  volume    =  9,
  pages     = "42--53",
  year      =  2010,
  url       = "http://dx.doi.org/10.2481/dsj.009-012",
  doi       = "10.2481/dsj.009-012"
}

@INPROCEEDINGS{Faniel2013-je,
  title     = "The Challenges of Digging Data: A Study of Context in
               Archaeological Data Reuse",
  booktitle = "Proceedings of the 13th {ACM/IEEE-CS} Joint Conference on
               Digital Libraries",
  author    = "Faniel, Ixchel and Kansa, Eric and Whitcher Kansa, Sarah and
               Barrera-Gomez, Julianna and Yakel, Elizabeth",
  publisher = "ACM",
  pages     = "295--304",
  series    = "JCDL '13",
  year      =  2013,
  url       = "http://dx.doi.org/10.1145/2467696.2467712",
  address   = "New York, NY, USA",
  location  = "Indianapolis, Indiana, USA",
  isbn      = "9781450320771",
  doi       = "10.1145/2467696.2467712"
}

@INCOLLECTION{Kansa2011-yi,
  title     = "Toward a do-it-yourself cyberinfrastructure: Open data,
               incentives, and reducing costs and complexities of data sharing",
  booktitle = "Archaeology 2.0",
  author    = "Kansa, Eric C and Kansa, Sarah Whitcher",
  editor    = "Kansa, Eric C and Kansa, Sarah Whitcher and Watrall, Ethan",
  volume    =  2,
  pages     = "57--92",
  year      =  2011,
  url       = "https://escholarship.org/uc/item/1r6137tb",
  issn      = "0003-8113"
}

@INCOLLECTION{Sobotkova2016-dh,
  title     = "Measure Twice, Cut Once: Cooperative Deployment of a
               Generalized, {Archaeology-Specific} Field Data Collection System",
  booktitle = "Mobilizing the Past for a Digital Future: The Potential of
               Digital Archaeology",
  author    = "Sobotkova, Adela and Ross, Shawn A and Ballsun-Stanton, Brian
               and Fairbairn, Andrew and Thompson, Jessica and VanValkenburgh,
               Parker",
  editor    = "Walcek Averett, Erin and Michael Gordon, Jody and Counts, Derek
               B",
  publisher = "The Digital Press @ University of North Dakota",
  pages     = "337--371",
  year      =  2016,
  address   = "Grand Forks, ND"
}

@ARTICLE{Hollenbeck2017-xq,
  title     = "Harking, Sharking, and Tharking: Making the Case for Post Hoc
               Analysis of Scientific Data",
  author    = "Hollenbeck, John R and Wright, Patrick M",
  journal   = "Journal of management",
  publisher = "SAGE Publications Inc",
  volume    =  43,
  number    =  1,
  pages     = "5--18",
  month     =  jan,
  year      =  2017,
  url       = "https://doi.org/10.1177/0149206316679487",
  issn      = "0149-2063",
  doi       = "10.1177/0149206316679487"
}

@ARTICLE{Ballsun-Stanton2018-bl,
  title   = "{FAIMS} Mobile: Flexible, open-source software for field research",
  author  = "Ballsun-Stanton, Brian and Ross, Shawn A and Sobotkova, Adela and
             Crook, Penny",
  journal = "SoftwareX",
  volume  =  7,
  pages   = "47--52",
  month   =  jan,
  year    =  2018,
  url     = "http://dx.doi.org/10.1016/j.softx.2017.12.006",
  issn    = "2352-7110",
  doi     = "10.1016/j.softx.2017.12.006"
}

@MISC{Center_for_Open_Science2019-mr,
  title        = "{TOP} Guidelines",
  booktitle    = "Center for Open Science",
  author       = "{Center for Open Science}",
  year         =  2019,
  url          = "https://cos.io/top/",
  howpublished = "\url{https://cos.io/top/}",
  note         = "Accessed: 2019-4-25"
}

@MISC{Mellor2016-tf,
  title        = "Templates of {OSF} Registration Forms",
  booktitle    = "Open Science Framework",
  author       = "Mellor, D and DeHaven, A",
  year         =  2016,
  url          = "https://osf.io/zab38/",
  howpublished = "\url{https://osf.io/zab38/}",
  note         = "Accessed: 2020-3-19"
}

@ARTICLE{Franco2014-oy,
  title    = "Social science. Publication bias in the social sciences:
              unlocking the file drawer",
  author   = "Franco, Annie and Malhotra, Neil and Simonovits, Gabor",
  journal  = "Science",
  volume   =  345,
  number   =  6203,
  pages    = "1502--1505",
  month    =  sep,
  year     =  2014,
  url      = "http://dx.doi.org/10.1126/science.1255484",
  language = "en",
  issn     = "0036-8075, 1095-9203",
  pmid     = "25170047",
  doi      = "10.1126/science.1255484"
}

@ARTICLE{McNutt2016-ws,
  title     = "Liberating field science samples and data",
  author    = "McNutt, Marcia and Lehnert, Kerstin and Hanson, Brooks and
               Nosek, Brian A and Ellison, Aaron M and King, John Leslie",
  journal   = "Science",
  publisher = "American Association for the Advancement of Science",
  volume    =  351,
  number    =  6277,
  pages     = "1024--1026",
  month     =  mar,
  year      =  2016,
  url       = "http://dx.doi.org/10.1126/science.aad7048",
  language  = "en",
  issn      = "0036-8075",
  doi       = "10.1126/science.aad7048"
}

@BOOK{Lewis-Beck2003-fs,
  title     = "The {SAGE} Encyclopedia of Social Science Research Methods",
  author    = "Lewis-Beck, Michael and Bryman, Alan E and Liao, Tim Futing",
  publisher = "SAGE Publications",
  month     =  dec,
  year      =  2003,
  language  = "en",
  isbn      = "9781452261454"
}

@ARTICLE{VanValkenburgh2018-hv,
  title     = "Mobilization as Mediation: Implementing a {Tablet-Based}
               Recording System for Ceramic Classification",
  author    = "VanValkenburgh, Parker and Silva, Luiza O G and Repetti-Ludlow,
               Chiara and Gardner, Jake and Crook, Jackson and Ballsun-Stanton,
               Brian",
  journal   = "Advances in Archaeological Practice",
  publisher = "Cambridge University Press",
  pages     = "1--15",
  year      =  2018,
  url       = "http://dx.doi.org/10.1017/aap.2018.12",
  doi       = "10.1017/aap.2018.12"
}

@ARTICLE{Altschul2017-qw,
  title    = "Opinion: Fostering synthesis in archaeology to advance science
              and benefit society",
  author   = "Altschul, Jeffrey H and Kintigh, Keith W and Klein, Terry H and
              Doelle, William H and Hays-Gilpin, Kelley A and Herr, Sarah A and
              Kohler, Timothy A and Mills, Barbara J and Montgomery, Lindsay M
              and Nelson, Margaret C and Ortman, Scott G and Parker, John N and
              Peeples, Matthew A and Sabloff, Jeremy A",
  journal  = "Proceedings of the National Academy of Sciences of the United
              States of America",
  volume   =  114,
  number   =  42,
  pages    = "10999--11002",
  month    =  oct,
  year     =  2017,
  url      = "http://dx.doi.org/10.1073/pnas.1715950114",
  language = "en",
  issn     = "0027-8424, 1091-6490",
  pmid     = "29073009",
  doi      = "10.1073/pnas.1715950114",
  pmc      = "PMC5651791"
}

@ARTICLE{Marwick2017-mc,
  title     = "Movement of lithics by trampling: An experiment in the
               Madjedbebe sediments",
  author    = "Marwick, Ben",
  journal   = "Open Science Framework",
  publisher = "Open Science Framework",
  year      =  2017,
  url       = "http://dx.doi.org/10.17605/OSF.IO/32A87",
  doi       = "10.17605/OSF.IO/32A87"
}

@ARTICLE{Derksen2019-dn,
  title     = "Putting Popper to work",
  author    = "Derksen, Maarten",
  journal   = "Theory \& psychology",
  publisher = "SAGE Publications Ltd",
  volume    =  29,
  number    =  4,
  pages     = "449--465",
  month     =  aug,
  year      =  2019,
  url       = "https://doi.org/10.1177/0959354319838343",
  issn      = "0959-3543",
  doi       = "10.1177/0959354319838343"
}

@ARTICLE{McManamon2016-yp,
  title    = "Making Archaeological Data and Information Discoverable,
              Accessible, and Usable for 21st Century Research: The Theodore
              Roosevelt Dam Archaeological Project, Tonto Basin, Arizona",
  author   = "McManamon, Fp and Kintigh, Keith W",
  journal  = "Journal of Arizona Archaeology",
  volume   =  4,
  number   =  1,
  pages    = "60--67",
  month    =  dec,
  year     =  2016,
  url      = "https://www.researchgate.net/publication/326493021_Making_Archaeological_Data_and_Information_Discoverable_Accessible_and_Usable_for_21st_Century_Research_The_Theodore_Roosevelt_Dam_Archaeological_Project_Tonto_Basin_Arizona?_iepl%5BviewId%5D=skB06Ynnnv1Nt4XVqFDPUabE&_iepl%5Bcontexts%5D%5B0%5D=projectUpdatesLog&_iepl%5BtargetEntityId%5D=PB%3A326493021&_iepl%5BinteractionType%5D=publicationTitle",
  doi      = "10.6067/XCV81838KJ"
}

@ARTICLE{Perkel2018-gs,
  title    = "A toolkit for data transparency takes shape",
  author   = "Perkel, Jeffrey M",
  journal  = "Nature",
  volume   =  560,
  number   =  7719,
  pages    = "513--515",
  month    =  aug,
  year     =  2018,
  url      = "http://dx.doi.org/10.1038/d41586-018-05990-5",
  language = "en",
  issn     = "0028-0836",
  doi      = "10.1038/d41586-018-05990-5"
}

@MISC{Mellor2016-vv,
  title        = "{TOP} Resources - Evidence and Practices",
  booktitle    = "Open Science Framework",
  author       = "Mellor, David and Esposito, Jolene and DeHaven, Alexander and
                  Stodden, Victoria",
  publisher    = "Open Science Framework",
  month        =  jun,
  year         =  2016,
  url          = "https://osf.io/9f6gx/",
  howpublished = "\url{https://osf.io/9f6gx/}",
  note         = "Accessed: 2020-3-19",
  language     = "en"
}

@ARTICLE{Mons2020-tb,
  title    = "Invest 5\% of research funds in ensuring data are reusable",
  author   = "Mons, Barend",
  journal  = "Nature",
  volume   =  578,
  number   =  7796,
  pages    = "491",
  month    =  feb,
  year     =  2020,
  url      = "http://dx.doi.org/10.1038/d41586-020-00505-7",
  language = "en",
  issn     = "0028-0836, 1476-4687",
  pmid     = "32099131",
  doi      = "10.1038/d41586-020-00505-7"
}

@ARTICLE{Van_t_Veer2016-eh,
  title   = "Pre-registration in social psychology---A discussion and suggested
             template",
  author  = "van 't Veer, Anna Elisabeth and Giner-Sorolla, Roger",
  journal = "Journal of experimental social psychology",
  volume  =  67,
  pages   = "2--12",
  year    =  2016,
  url     = "http://dx.doi.org/10.1016/j.jesp.2016.03.004",
  issn    = "0022-1031",
  doi     = "10.1016/j.jesp.2016.03.004"
}

@ARTICLE{Rubin2017-kq,
  title     = "When Does {HARKing} Hurt? Identifying When Different Types of
               Undisclosed Post Hoc Hypothesizing Harm Scientific Progress",
  author    = "Rubin, Mark",
  journal   = "Review of general psychology: journal of Division 1, of the
               American Psychological Association",
  publisher = "SAGE Publications Inc",
  volume    =  21,
  number    =  4,
  pages     = "308--320",
  month     =  dec,
  year      =  2017,
  url       = "https://doi.org/10.1037/gpr0000128",
  issn      = "1089-2680",
  doi       = "10.1037/gpr0000128"
}

@ARTICLE{Austin2014-lt,
  title     = "Mobilizing Archaeologists: Increasing the Quantity and Quality
               of Data Collected in the Field with Mobile Technology",
  author    = "Austin, Anne",
  journal   = "Advances in Archaeological Practice",
  publisher = "Cambridge University Press",
  volume    =  2,
  number    =  1,
  pages     = "13--23",
  month     =  feb,
  year      =  2014,
  url       = "http://dx.doi.org/10.7183/2326-3768.2.1.13",
  issn      = "2326-3768",
  doi       = "10.7183/2326-3768.2.1.13"
}

@MISC{Marwick2017-xi,
  title        = "Adaptations to sea level change and transitions to
                  agriculture at Khao Toh Chong rockshelter, Peninsular
                  Thailand",
  booktitle    = "Open Science Framework",
  author       = "Marwick, Ben",
  publisher    = "Open Science Framework",
  month        =  sep,
  year         =  2017,
  url          = "https://osf.io/gved6",
  howpublished = "\url{https://osf.io/gved6}",
  note         = "Accessed: 2020-3-19",
  language     = "en"
}

@ARTICLE{Open_Science_Collaboration2015-fx,
  title    = "Estimating the reproducibility of psychological science",
  author   = "{Open Science Collaboration}",
  journal  = "Science",
  volume   =  349,
  number   =  6251,
  pages    = "aac4716",
  month    =  aug,
  year     =  2015,
  url      = "http://dx.doi.org/10.1126/science.aac4716",
  language = "en",
  issn     = "0036-8075, 1095-9203",
  pmid     = "26315443",
  doi      = "10.1126/science.aac4716"
}

@INCOLLECTION{French1973-ay,
  title     = "Theoretical and methodological aspects of data recovery",
  booktitle = "The Explanation of Culture Change: Models in Prehistory",
  author    = "French, D H",
  editor    = "Renfrew, Colin",
  publisher = "Duckworth",
  pages     = "105--114",
  year      =  1973,
  address   = "London"
}

@ARTICLE{Stall2019-ol,
  title     = "Make scientific data {FAIR}",
  author    = "Stall, Shelley and Yarmey, Lynn and Cutcher-Gershenfeld, Joel
               and Hanson, Brooks and Lehnert, Kerstin and Nosek, Brian and
               Parsons, Mark and Robinson, Erin and Wyborn, Lesley",
  journal   = "Nature",
  publisher = "Nature Publishing Group",
  volume    =  570,
  number    =  7759,
  pages     = "27",
  month     =  jun,
  year      =  2019,
  url       = "https://www.nature.com/articles/d41586-019-01720-7",
  issn      = "0028-0836",
  doi       = "10.1038/d41586-019-01720-7"
}

@ARTICLE{Nosek2018-ro,
  title    = "Reply to Ledgerwood: Predictions without analysis plans are inert",
  author   = "Nosek, Brian A and Ebersole, Charles R and DeHaven, Alexander C
              and Mellor, David T",
  journal  = "Proceedings of the National Academy of Sciences of the United
              States of America",
  month    =  oct,
  year     =  2018,
  url      = "http://dx.doi.org/10.1073/pnas.1816418115",
  language = "en",
  issn     = "0027-8424, 1091-6490",
  pmid     = "30341224",
  doi      = "10.1073/pnas.1816418115"
}

@ARTICLE{Selden2017-ru,
  title   = "Asymmetry of Caddo ceramics from the Washington Square Mound site:
             An exploratory analysis",
  author  = "Selden, Robert Z",
  journal = "Digital Applications in Archaeology and Cultural Heritage",
  volume  =  5,
  pages   = "21--28",
  month   =  jun,
  year    =  2017,
  url     = "http://www.sciencedirect.com/science/article/pii/S2212054816300455",
  issn    = "2212-0548",
  doi     = "10.1016/j.daach.2017.04.003"
}

@MISC{Go-fair2017-vs,
  title        = "{FAIR} Principles - {GO} {FAIR}",
  booktitle    = "{GO} {FAIR}",
  author       = "{GO-FAIR}",
  year         =  2017,
  url          = "https://www.go-fair.org/fair-principles/",
  howpublished = "\url{https://www.go-fair.org/fair-principles/}",
  note         = "Accessed: 2019-3-29"
}

@BOOK{Johnson2010-gk,
  title     = "Archaeological Theory: An Introduction",
  author    = "Johnson, Matthew",
  publisher = "John Wiley \& Sons",
  year      =  2010,
  language  = "en"
}

@BOOK{Borgman2015-fe,
  title     = "Big data, little data, no data: scholarship in the networked
               world",
  author    = "Borgman, Christine L",
  publisher = "MIT press",
  year      =  2015
}

@INCOLLECTION{Ross2015-bc,
  title     = "Building the Bazaar: Enhancing Archaeological Field Recording
               Through an Open Source Approach",
  booktitle = "Open Source Archaeology: Ethics and Practice",
  author    = "Ross, Shawn and Ballsun-Stanton, Brian and Sobotkova, Adela and
               Crook, Penny",
  editor    = "Wilson, Andrew T and Edwards, Ben",
  publisher = "De Gruyter Open",
  pages     = "111--129",
  month     =  jan,
  year      =  2015,
  address   = "Warsaw, Poland",
  doi       = "10.1515/9783110440171-009"
}

@BOOK{Yin2017-si,
  title     = "Case study research and applications: Design and methods",
  author    = "Yin, Robert K",
  publisher = "Sage publications",
  year      =  2017
}

@TECHREPORT{National_Health_and_Medical_Research_Council2018-qp,
  title       = "The Australian Code for the Responsible Conduct of Research",
  author      = "{National Health and Medical Research Council}",
  number      = "R41",
  institution = "National Health and Medical Research Council",
  year        =  2018,
  url         = "http://www.nhmrc.gov.au/guidelines/publications/r41"
}

@ARTICLE{Kintigh2014-lv,
  title    = "Grand challenges for archaeology",
  author   = "Kintigh, Keith and Altschul, Jeffrey H and Beaudry, Mary C and
              Drennan, Robert D and Kinzig, Ann P and Kohler, Timothy A and
              Limp, W Fredrick and Maschner, Herbert D G and Michener, William
              K and Pauketat, Timothy R and Peregrine, Peter and Sabloff,
              Jeremy A and Wilkinson, Tony J and Wright, Henry T and Zeder,
              Melinda A",
  journal  = "Proceedings of the National Academy of Sciences of the United
              States of America",
  volume   =  111,
  number   =  3,
  pages    = "879--880",
  month    =  jan,
  year     =  2014,
  url      = "http://dx.doi.org/10.1073/pnas.1324000111",
  language = "en",
  issn     = "0027-8424, 1091-6490",
  pmid     = "24449827",
  doi      = "10.1073/pnas.1324000111",
  pmc      = "PMC3903258"
}

@ARTICLE{Nosek2018-ym,
  title    = "The preregistration revolution",
  author   = "Nosek, Brian A and Ebersole, Charles R and DeHaven, Alexander C
              and Mellor, David T",
  journal  = "Proceedings of the National Academy of Sciences of the United
              States of America",
  volume   =  115,
  number   =  11,
  pages    = "2600--2606",
  month    =  mar,
  year     =  2018,
  language = "en",
  issn     = "0027-8424",
  doi      = "10.1073/pnas.1708274114"
}

@ARTICLE{Fraser2018-ft,
  title    = "Questionable research practices in ecology and evolution",
  author   = "Fraser, Hannah and Parker, Tim and Nakagawa, Shinichi and
              Barnett, Ashley and Fidler, Fiona",
  journal  = "PloS one",
  volume   =  13,
  number   =  7,
  pages    = "e0200303",
  month    =  jul,
  year     =  2018,
  url      = "http://dx.doi.org/10.1371/journal.pone.0200303",
  language = "en",
  issn     = "1932-6203",
  pmid     = "30011289",
  doi      = "10.1371/journal.pone.0200303",
  pmc      = "PMC6047784"
}

@MISC{Bowman2019-ci,
  title        = "Understand Registration Forms",
  booktitle    = "{OSF} Guides",
  author       = "Bowman, Sara",
  year         =  2019,
  url          = "https://help.osf.io/hc/en-us/articles/360019738794-Understand-Registration-Forms",
  howpublished = "\url{https://help.osf.io/hc/en-us/articles/360019738794-Understand-Registration-Forms}",
  note         = "Accessed: 2020-3-19"
}

@ARTICLE{Brandt2014-pq,
  title   = "The Replication Recipe: What makes for a convincing replication?",
  author  = "Brandt, Mark J and IJzerman, Hans and Dijksterhuis, Ap and Farach,
             Frank J and Geller, Jason and Giner-Sorolla, Roger and Grange,
             James A and Perugini, Marco and Spies, Jeffrey R and van 't Veer,
             Anna",
  journal = "Journal of experimental social psychology",
  volume  =  50,
  pages   = "217--224",
  year    =  2014,
  url     = "http://dx.doi.org/10.1016/j.jesp.2013.10.005",
  issn    = "0022-1031",
  doi     = "10.1016/j.jesp.2013.10.005"
}

@ARTICLE{Nature2016-hd,
  title    = "Reality check on reproducibility",
  author   = "{Nature}",
  journal  = "Nature",
  volume   =  533,
  number   =  7604,
  pages    = "437",
  month    =  may,
  year     =  2016,
  url      = "http://dx.doi.org/10.1038/533437a",
  language = "en",
  issn     = "0028-0836, 1476-4687",
  pmid     = "27225078",
  doi      = "10.1038/533437a"
}

@BOOK{National_Academies_of_Sciences_Engineering_and_Medicine2019-da,
  title       = "Reproducibility and Replicability in Science",
  author      = "{National Academies of Sciences, Engineering, and Medicine}
                 and {Policy and Global Affairs} and {Committee on Science,
                 Engineering, Medicine, and Public Policy} and {Board on
                 Research Data and Information} and {Division on Engineering
                 and Physical Sciences} and {Committee on Applied and
                 Theoretical Statistics} and {Board on Mathematical Sciences
                 and Analytics} and {Division on Earth and Life Studies} and
                 {Nuclear and Radiation Studies Board} and {Division of
                 Behavioral and Social Sciences and Education} and {Committee
                 on National Statistics} and {Board on Behavioral, Cognitive,
                 and Sensory Sciences} and {Committee on Reproducibility and
                 Replicability in Science}",
  publisher   = "National Academies Press",
  month       =  oct,
  year        =  2019,
  url         = "https://play.google.com/store/books/details?id=uyOyDwAAQBAJ",
  language    = "en",
  isbn        = "9780309486163",
  original_id = "ad253d84-b298-0b3e-b7c4-ddebb2fccd31"
}

@MISC{Adam2019-zo,
  title        = "A solution to psychology's reproducibility problem just
                  failed its first test",
  booktitle    = "Science Mag",
  author       = "Adam, David",
  month        =  may,
  year         =  2019,
  url          = "https://www.sciencemag.org/news/2019/05/solution-psychology-s-reproducibility-problem-just-failed-its-first-test",
  howpublished = "\url{https://www.sciencemag.org/news/2019/05/solution-psychology-s-reproducibility-problem-just-failed-its-first-test}",
  note         = "Accessed: 2019-5-26"
}

@MISC{Schmid2019-ks,
  title        = "Research compendium for a contribution to `Human Occupation
                  and Environmental Change in the Western Maghreb during the
                  Last Glacial Maximum ({LGM}) and the Late Glacial. New
                  Evidence from the Iberomaurusian Site Ifri El Baroud
                  (North-east Morocco)'",
  booktitle    = "Open Science Framework",
  author       = "Schmid, Clemens",
  publisher    = "OSF",
  month        =  jan,
  year         =  2019,
  url          = "https://osf.io/e5c27",
  howpublished = "\url{https://osf.io/e5c27}",
  note         = "Accessed: 2020-3-19",
  language     = "en"
}

@MISC{Huemer2020-kj,
  title        = "You Don't Agree with Karl Popper",
  booktitle    = "Fake Nous",
  author       = "Huemer, Michael",
  month        =  jan,
  year         =  2020,
  url          = "https://fakenous.net/?p=1239",
  howpublished = "\url{https://fakenous.net/?p=1239}",
  note         = "Accessed: 2020-3-18"
}

@ARTICLE{Sobotkova2018-px,
  title     = "Sociotechnical Obstacles to Archaeological Data Reuse",
  author    = "Sobotkova, Adela",
  journal   = "Advances in Archaeological Practice",
  publisher = "Cambridge University Press",
  volume    =  6,
  number    =  2,
  pages     = "117--124",
  month     =  may,
  year      =  2018,
  url       = "https://doi.org/10.1017/aap.2017.37",
  doi       = "10.1017/aap.2017.37"
}

@TECHREPORT{National_Health_and_Medical_Research_Council2019-vn,
  title       = "Open Access Policy",
  author      = "{National Health and Medical Research Council}",
  institution = "National Health and Medical Research Council",
  year        =  2019,
  url         = "https://www.nhmrc.gov.au/about-us/resources/open-access-policy"
}

@ARTICLE{Kerr1998-jf,
  title    = "{HARKing}: hypothesizing after the results are known",
  author   = "Kerr, N L",
  journal  = "Personality and social psychology review: an official journal of
              the Society for Personality and Social Psychology, Inc",
  volume   =  2,
  number   =  3,
  pages    = "196--217",
  year     =  1998,
  url      = "http://dx.doi.org/10.1207/s15327957pspr0203_4",
  language = "en",
  issn     = "1088-8683, 1532-7957",
  pmid     = "15647155",
  doi      = "10.1207/s15327957pspr0203\_4"
}

@ARTICLE{Munafo2017-pt,
  title     = "A manifesto for reproducible science",
  author    = "Munaf{\`o}, Marcus R and Nosek, Brian A and Bishop, Dorothy V M
               and Button, Katherine S and Chambers, Christopher D and Percie
               du Sert, Nathalie and Simonsohn, Uri and Wagenmakers, Eric-Jan
               and Ware, Jennifer J and Ioannidis, John P A",
  journal   = "Nature Human Behaviour",
  publisher = "Macmillan Publishers Limited",
  volume    =  1,
  pages     = "0021",
  month     =  jan,
  year      =  2017,
  url       = "http://dx.doi.org/10.1038/s41562-016-0021",
  doi       = "10.1038/s41562-016-0021"
}

@INPROCEEDINGS{Doerr2004-hu,
  title      = "Integration of complementary archaeological sources",
  booktitle  = "Beyond the Artifact. Digital Interpretation of the Past.
                Proceedings of {CAA2004}",
  author     = "Doerr, Martin and Schaller, Kurt and Theodoridou, Maria",
  editor     = "Nicolucci, F And S Hermon",
  publisher  = "Archaeolingua",
  pages      = "64--69",
  year       =  2004,
  url        = "https://www.ics.forth.gr/isl/publications/paperlink/doerr3_caa2004.pdf",
  address    = "Budapest",
  conference = "CAA2004",
  issn       = "0018-9162"
}

@ARTICLE{Haven2019-at,
  title    = "Preregistering qualitative research",
  author   = "Haven, Tamarinde L and Van Grootel, Leonie",
  journal  = "Accountability in research",
  volume   =  26,
  number   =  3,
  pages    = "229--244",
  month    =  apr,
  year     =  2019,
  url      = "http://dx.doi.org/10.1080/08989621.2019.1580147",
  language = "en",
  issn     = "0898-9621, 1545-5815",
  pmid     = "30741570",
  doi      = "10.1080/08989621.2019.1580147"
}

@ARTICLE{Snow2006-ir,
  title     = "Cybertools and archaeology",
  author    = "Snow, Dean R and Gahegan, Mark and Giles, C Lee and Hirth,
               Kenneth G and Milner, George R and Mitra, Prasenjit and Wang,
               James Z",
  journal   = "Science",
  publisher = "American Association for the Advancement of Science",
  volume    =  311,
  number    =  5763,
  pages     = "958",
  year      =  2006,
  url       = "http://clgiles.ist.psu.edu/papers/Science-cyber-historical_2006.pdf",
  issn      = "0036-8075",
  doi       = "10.1126/science.1121556"
}

@INPROCEEDINGS{Sobotkova2015-ox,
  title     = "Arbitrary Offline Data Capture on All of Your Androids: The
               {FAIMS} Mobile Platform",
  booktitle = "Across Space and Time. Papers from the 41st Annual Conference of
               Computer Applications and Quantitative Methods in Archaeology
               ({{CAA}})",
  author    = "Sobotkova, Adela and Ballsun-Stanton, Brian and Ross, Shawn and
               Crook, Penny",
  editor    = "Traviglia, Arianna",
  publisher = "Amsterdam University Press",
  pages     = "80--88",
  year      =  2015,
  address   = "Perth"
}

@TECHREPORT{Nhmrc2018-sj,
  title       = "National Statement on Ethical Conduct in Human Research",
  author      = "{NHMRC}",
  number      = "E72",
  institution = "National Health and Medical Research Council",
  year        =  2018,
  url         = "https://www.nhmrc.gov.au/about-us/publications/national-statement-ethical-conduct-human-research-2007-updated-2018"
}

@ARTICLE{Ledgerwood2018-uh,
  title    = "The preregistration revolution needs to distinguish between
              predictions and analyses",
  author   = "Ledgerwood, Alison",
  journal  = "Proceedings of the National Academy of Sciences of the United
              States of America",
  month    =  oct,
  year     =  2018,
  url      = "http://dx.doi.org/10.1073/pnas.1812592115",
  language = "en",
  issn     = "0027-8424, 1091-6490",
  pmid     = "30341225",
  doi      = "10.1073/pnas.1812592115"
}

@MISC{Lakatos1978-mu,
  title        = "Science and pseudoscience",
  author       = "Lakatos, I",
  publisher    = "London School of Economics",
  year         =  1978,
  url          = "http://www.lse.ac.uk/philosophy/department-history/science-and-pseudoscience-overview-and-transcript/",
  howpublished = "BBC Radio Talk"
}

@ARTICLE{Kansa2010-wg,
  title    = "Publishing Data in Open Context: Methods and Perspectives",
  author   = "Kansa, Eric C and Kansa, Sarah Whitcher",
  journal  = "Center for the Study of Architecture Newsletter",
  volume   =  23,
  number   =  2,
  month    =  sep,
  year     =  2010,
  url      = "http://csanet.org/newsletter/fall10/nlf1001.html"
}

@ARTICLE{Marwick2017-bb,
  title     = "Computational Reproducibility in Archaeological Research: Basic
               Principles and a Case Study of Their Implementation",
  author    = "Marwick, Ben",
  journal   = "Journal of Archaeological Method and Theory",
  publisher = "Springer US",
  volume    =  24,
  number    =  2,
  pages     = "424--450",
  month     =  jun,
  year      =  2017,
  url       = "http://dx.doi.org/10.1007/s10816-015-9272-9",
  language  = "en",
  issn      = "1072-5369, 1573-7764",
  doi       = "10.1007/s10816-015-9272-9"
}

@INCOLLECTION{Watson1973-bv,
  title     = "Explanation and models: The prehistorian as philosopher of
               science and the prehistorian as excavator of the past",
  booktitle = "The Explanation of Culture Change: Models in Prehistory",
  author    = "Watson, P J",
  editor    = "Renfrew, Colin",
  publisher = "Duckworth",
  pages     = "47--52",
  year      =  1973,
  address   = "London"
}

@UNPUBLISHED{Nosek2016-qq,
  title   = "Transparency and Openness Promotion ({TOP}) Guidelines",
  author  = "Nosek, Brian A and Alter, George and Banks, George Christopher and
             Borsboom, Denny and Bowman, Sara D and Breckler, Steven James and
             Buck, Stuart and Chambers, Chris and Chin, Gilbert and
             Christensen, Garret and Contestabile, Monica and Dafoe, Allan and
             Eich, Eric and Freese, Jeremy and Glennerster, Rachel and Goroff,
             Daniel L and Green, Don and Hesse, Bradford William and Humphreys,
             Macartan and Ishiyama, John and Karlan, Dean and Kraut, Alan and
             Lupia, Arthur and Mabry, Patricia Lombard and Madon, Temina and
             Malhotra, Neil and Mayo-Wilson, Evan and McNutt, Marcia and
             Miguel, Edward and Paluck, Elizabeth Levy and Simonsohn, Uri and
             Soderberg, Courtney K and Spellman, Bobbie and Turitto, James and
             VandenBos, Gary and Vazire, Simine and Wagenmakers, Eric-Jan and
             Wilson, Rick K and Yarkoni, Tal and Stodden, Victoria and DeHaven,
             Alexander Carl",
  journal = "Open Science Framework",
  month   =  oct,
  year    =  2016,
  url     = "https://osf.io/vj54c/download?format=pdf",
  doi     = "10.31219/osf.io/vj54c"
}

@ARTICLE{McManamon2017-hh,
  title     = "{tDAR}: A Cultural Heritage Archive for {Twenty-First-Century}
               Public Outreach, Research, and Resource Management",
  author    = "McManamon, Francis P and Kintigh, Keith W and Ellison, Leigh
               Anne and Brin, Adam",
  journal   = "Advances in Archaeological Practice",
  publisher = "Cambridge University Press",
  volume    =  5,
  number    =  3,
  pages     = "238--249",
  month     =  aug,
  year      =  2017,
  url       = "https://www.cambridge.org/core/journals/advances-in-archaeological-practice/article/tdar/FCE1056A210A452E5FE65560763D4CC7",
  issn      = "2326-3768",
  doi       = "10.1017/aap.2017.18"
}

@INCOLLECTION{Hole1973-fg,
  title     = "Questions of theory in the explanation of culture change in
               prehistory",
  booktitle = "The Explanation of Culture Change: Models in Prehistory",
  author    = "Hole, Frank",
  editor    = "Renfrew, Colin",
  publisher = "Duckworth",
  pages     = "19--34",
  year      =  1973,
  address   = "London"
}

@MISC{Open_Science_Framework2020-fb,
  title        = "{OSF} Preregistration",
  booktitle    = "Open Science Framework",
  author       = "{Open Science Framework}",
  year         =  2020,
  url          = "https://osf.io/prereg/",
  howpublished = "\url{https://osf.io/prereg/}",
  note         = "Accessed: 2020-3-19"
}

@MISC{Center_for_Open_Science2018-xf,
  title        = "Preregistration Challenge",
  booktitle    = "Center for Open Science",
  author       = "{Center for Open Science}",
  year         =  2018,
  url          = "https://cos.io/prereg/",
  howpublished = "\url{https://cos.io/prereg/}",
  note         = "Accessed: 2018-5-15"
}

@ARTICLE{DeHaven2019-xx,
  title     = "Preregistration for Qualitative Research Template (Haven \& Van
               Grootel)",
  author    = "DeHaven, Alexander and Mellor, David and Haven, Tamarinde and
               van Grootel, Leonie",
  publisher = "OSF",
  month     =  mar,
  year      =  2019,
  url       = "https://osf.io/6z2hr/",
  language  = "en"
}
